% Bibliography
% ALWAYS include the url to the DOI if available: http://dx.doi.org/
	
% Conferences		
	@inproceedings{nister_visual_2004,
		title = {Visual odometry},
		volume = {1},
		doi = {10.1109/CVPR.2004.1315094},
		booktitle = {Proceedings of the 2004 {IEEE} {Computer} {Society} {Conference} on {Computer} {Vision} and {Pattern} {Recognition}},
		author = {Nister, D. and Naroditsky, O. and Bergen, J.},
		month = jun,
		year = {2004},
		pages = {652--659},
		url = {http://dx.doi.org/10.1109/CVPR.2004.1315094}
	}
	
% Books
	@book{Stiller2006,
		title = {Grundlagen der Mess- und Regelungstechnik},
		series = {Berichte aus der Steuerungs- und Regelungstechnik},
		author = {Stiller, Christoph},
		address = {Aachen},
		publisher = {Shaker},
		year = {2006},
		isbn = {3-8322-5582-6; 978-3-8322-5582-4}
		}
	
% Chapter of a Book:
	@Inbook{Stiller2015,
		author={Stiller, Christoph and Bachmann, Alexander and Geiger, Andreas},
		editor={Winner, Hermann and Hakuli, Stephan and Lotz, Felix and Singer, Christina},
		title={Handbuch Fahrerassistenzsysteme: Grundlagen, Komponenten und Systeme f{\"u}r aktive Sicherheit und Komfort},
		chapter="Maschinelles Sehen",
		year="2015",
		publisher="Springer Fachmedien Wiesbaden",
		address="Wiesbaden",
		pages="369--393",
		isbn="978-3-658-05734-3",
		doi="10.1007/978-3-658-05734-3_21",
		url="http://dx.doi.org/10.1007/978-3-658-05734-3_21"
		}

	
% Journals
	@article{Dickmanns_LaneMarking_1987,
		author = {Dickmanns, E. D. and Zapp, A.},
		title = {{A Curvature-based Scheme for Improving Road Vehicle Guidance by Computer Vision}},
		journal = {Proc. SPIE},
		volume = {0727},
		pages = {161-168},
		year = {1987},
		doi = {10.1117/12.937795},
		URL = {http://dx.doi.org/10.1117/12.937795}
		}

@online{Uber,
  author = {TROY GRIGGS and DAISUKE WAKABAYASHI},
  title = {How a Self-Driving Uber Killed a Pedestrian in Arizona},
  year = 2018,
  url = {https://www.nytimes.com/interactive/2018/03/20/us/self-driving-uber-pedestrian-killed.html},
  urldate = {2018-03-21}
}

@online{Lidar,
  author = {Velodyne Lidar},
  title = {Lidar 101 from Velodyne Lidar},
  year = 2018,
  url = {https://www.youtube.com/watch?v=NZKvf1cXe8s&ab_channel=VelodyneLidar},
  urldate = {2018-06-19}
}

@misc{openpcdet2020,
    title={OpenPCDet: An Open-source Toolbox for 3D Object Detection from Point Clouds},
    author={OpenPCDet Development Team},
    howpublished = {\url{https://github.com/open-mmlab/OpenPCDet}},
    year={2020}
}

@misc{DENSE,
    title={DENSE - 24/7 AUTOMOTIVE SENSING SYSTEM},
    author={University of Ulm},
    howpublished = {\url{https://www.uni-ulm.de/en/in/driveu/projects/dense-datasets/}},
    year={2019}
}

@misc{KITTI,
    title={3D Object Detection Evaluation 2017},
    author={Karlsruhe Insitute of Technology},
    howpublished = {\url{http://www.cvlibs.net/datasets/kitti/eval_object.php?obj_benchmark=3d}},
    year={2019}
}